@INPROCEEDINGS{9053228,
  author={Panchbhaiyye, Vineet and Ogunfunmi, Tokunbo},
  booktitle={ICASSP 2020 - 2020 IEEE International Conference on Acoustics, Speech and Signal Processing (ICASSP)}, 
  title={A Fifo Based Accelerator for Convolutional Neural Networks}, 
  year={2020},
  volume={},
  number={},
  pages={1758-1762},
  doi={10.1109/ICASSP40776.2020.9053228}}

@article{thawpic,
author = {Rowland, J. C. and Jones, C. E. and Altmann, G. and Bryan, R. and Crosby, B. T. and Hinzman, L. D. and Kane, D. L. and Lawrence, D. M. and Mancino, A. and Marsh, P. and McNamara, J. P. and Romanvosky, V. E. and Toniolo, H. and Travis, B. J. and Trochim, E. and Wilson, C. J. and Geernaert, G. L.},
title = {Arctic Landscapes in Transition: Responses to Thawing Permafrost},
journal = {Eos, Transactions American Geophysical Union},
volume = {91},
number = {26},
pages = {229-230},
doi = {https://doi.org/10.1029/2010EO260001},
year = {2010}
}

@incollection{MURTON2021857,
title = {Periglacial Processes and Deposits},
editor = {David Alderton and Scott A. Elias},
booktitle = {Encyclopedia of Geology (Second Edition)},
publisher = {Academic Press},
edition = {Second},
address = {Oxford},
pages = {857-875},
year = {2021},
isbn = {978-0-08-102909-1},
doi = {https://doi.org/10.1016/B978-0-12-409548-9.11925-6},
url = {https://www.sciencedirect.com/science/article/pii/B9780124095489119256},
author = {Julian Murton},
}

@incollection{book1,
    author = {Osterkamp, T.E. and Jorgenson, M.T.},
    isbn = {9780813760322},
    title = "{Permafrost conditions and processes}",
    booktitle = "{Geological Monitoring}",
    publisher = {Geological Society of America},
    year = {2009},
    month = {01},
    url = {https://doi.org/10.1130/2009.monitoring(09)},
}

@article{articleperma,
author = {Osterkamp, Tom and Jorgenson, M},
year = {2005},
month = {09},
pages = {2100-2111},
title = {Response of boreal ecosystems to varying modes of permafrost degradation in Alaska},
volume = {35},
journal = {Canadian Journal of Forest Research},
doi = {10.1139/x05-153}
}

@article{HUANG2020111534,
title = {Using deep learning to map retrogressive thaw slumps in the Beiluhe region (Tibetan Plateau) from CubeSat images},
journal = {Remote Sensing of Environment},
volume = {237},
pages = {111534},
year = {2020},
issn = {0034-4257},
doi = {https://doi.org/10.1016/j.rse.2019.111534},
url = {https://www.sciencedirect.com/science/article/pii/S003442571930553X},
author = {Lingcao Huang and Jing Luo and Zhanju Lin and Fujun Niu and Lin Liu},
}

@article{articleing2018,
author = {Nitze, Ingmar and Grosse, Guido and Jones, Benjamin and Romanovsky, Vladimir and Boike, Julia},
year = {2018},
month = {12},
pages = {},
title = {Remote sensing quantifies widespread abundance of permafrost region disturbances across the Arctic and Subarctic},
volume = {9},
journal = {Nature Communications},
doi = {10.1038/s41467-018-07663-3}
}

@Book{GoodBengCour16,
  Title                    = {Deep Learning},
  Author                   = {Ian J. Goodfellow and Yoshua Bengio and Aaron Courville},
  Publisher                = {MIT Press},
  Year                     = {2016},

  Address                  = {Cambridge, MA, USA},
  Note                     = {\url{http://www.deeplearningbook.org}}
}

@article{articlecarbonfeedback,
author = {Schaefer, Kevin and Lantuit, Hugues and Romanovsky, Vladimir and Schuur, Edward and Witt, Ronald},
year = {2014},
month = {08},
pages = {085003},
title = {The impact of the permafrost carbon feedback on global climate},
volume = {9},
journal = {Environmental Research Letters},
doi = {10.1088/1748-9326/9/8/085003}
}
@incollection{tahnfunc,
title = {Chapter 9 - Deep Neural Networks for Natural Language Processing},
editor = {Venkat N. Gudivada and C.R. Rao},
series = {Handbook of Statistics},
publisher = {Elsevier},
volume = {38},
pages = {229-316},
year = {2018},
booktitle = {Computational Analysis and Understanding of Natural Languages: Principles, Methods and Applications},
issn = {0169-7161},
doi = {https://doi.org/10.1016/bs.host.2018.07.006},
url = {https://www.sciencedirect.com/science/article/pii/S016971611830021X},
author = {Ehsan Fathi and Babak {Maleki Shoja}},
}
@inproceedings{10.5555/2999134.2999257,
author = {Krizhevsky, Alex and Sutskever, Ilya and Hinton, Geoffrey E.},
title = {ImageNet Classification with Deep Convolutional Neural Networks},
year = {2012},
publisher = {Curran Associates Inc.},
address = {Red Hook, NY, USA},
booktitle = {Proceedings of the 25th International Conference on Neural Information Processing Systems - Volume 1},
pages = {1097–1105},
numpages = {9},
location = {Lake Tahoe, Nevada},
series = {NIPS'12}
}
@misc{simonyan2014deep,
      title={Very Deep Convolutional Networks for Large-Scale Image Recognition}, 
      author={Karen Simonyan and Andrew Zisserman},
      year={2014},
      eprint={1409.1556},
      archivePrefix={arXiv},
      primaryClass={cs.CV}
}
@misc{he2015deep,
      title={Deep Residual Learning for Image Recognition}, 
      author={Kaiming He and Xiangyu Zhang and Shaoqing Ren and Jian Sun},
      year={2015},
      eprint={1512.03385},
      archivePrefix={arXiv},
      primaryClass={cs.CV}
}

@article{10.6109/JICCE.2018.16.3.173,
  author    = {PhungVan Hiep and RheeEun Joo},
  title     = {A Deep Learning Approach for Classification of Cloud Image Patches on Small Datasets},
  journal   = {Journal of Information and Communication Convergence Engineering},
  publisher = {한국정보통신학회},
  volume    = {16},
  number    = {3},
  pages     = {173-178},
  year      = 2018,
  month     = 09,
  doi={https://doi.org/10.6109/JICCE.2018.16.3.173}
}
@incollection{2dcnnpic,
	doi = {10.1007/978-981-15-5093-5_25},
	url = {https://doi.org/10.1007\%2F978-981-15-5093-5_25},
	year = 2020,
	month = {jul},
	publisher = {Springer Singapore},
	pages = {269--279},
	author = {Jacopo Ferretti and Vincenzo Randazzo and Giansalvo Cirrincione and Eros Pasero},
	title = {1-D Convolutional Neural Network for {ECG} Arrhythmia Classification},
	booktitle = {Progresses in Artificial Intelligence and Neural Systems}
}

@misc{ioffe2015batch,
      title={Batch Normalization: Accelerating Deep Network Training by Reducing Internal Covariate Shift}, 
      author={Sergey Ioffe and Christian Szegedy},
      year={2015},
      eprint={1502.03167},
      archivePrefix={arXiv},
      primaryClass={cs.LG}
}
@INPROCEEDINGS{8099726,
  author={Huang, Gao and Liu, Zhuang and Van Der Maaten, Laurens and Weinberger, Kilian Q.},
  booktitle={2017 IEEE Conference on Computer Vision and Pattern Recognition (CVPR)}, 
  title={Densely Connected Convolutional Networks}, 
  year={2017},
  volume={},
  number={},
  pages={2261-2269},
  doi={10.1109/CVPR.2017.243}}
@misc{lin2014network,
      title={Network In Network}, 
      author={Min Lin and Qiang Chen and Shuicheng Yan},
      year={2014},
      eprint={1312.4400},
      archivePrefix={arXiv},
      primaryClass={cs.NE}
}
@INPROCEEDINGS{7298594,
  author={Szegedy, Christian and Wei Liu and Yangqing Jia and Sermanet, Pierre and Reed, Scott and Anguelov, Dragomir and Erhan, Dumitru and Vanhoucke, Vincent and Rabinovich, Andrew},
  booktitle={2015 IEEE Conference on Computer Vision and Pattern Recognition (CVPR)}, 
  title={Going deeper with convolutions}, 
  year={2015},
  volume={},
  number={},
  pages={1-9},
  doi={10.1109/CVPR.2015.7298594}}
@misc{softmaxpic,
author = {Nabiyev, Nabi and Malekzadeh, Saber},
year = {2021},
month = {02},
pages = {},
title = {Anomalous Sound Localization Estimation},
doi = {10.13140/RG.2.2.25949.95201}
}

@phdthesis{leakyreluimg,
author = {Shenoy, Aditi},
year = {2019},
month = {07},
pages = {},
school={Stockholm University},
title = {Feature optimization of contact map predictions based on inter-residue distances and U-Net++ architecture},
doi = {10.13140/RG.2.2.16796.23688}
}

@INPROCEEDINGS{Maas13rectifiernonlinearities,
    author = {Andrew L. Maas and Awni Y. Hannun and Andrew Y. Ng},
    title = {Rectifier nonlinearities improve neural network acoustic models},
    booktitle = {in ICML Workshop on Deep Learning for Audio, Speech and Language Processing},
    year = {2013}
}


@article{HUANG10122067,
AUTHOR = {Huang, Lingcao and Liu, Lin and Jiang, Liming and Zhang, Tingjun},
TITLE = {Automatic Mapping of Thermokarst Landforms from Remote Sensing Images Using Deep Learning: A Case Study in the Northeastern Tibetan Plateau},
JOURNAL = {Remote Sensing},
VOLUME = {10},
YEAR = {2018},
NUMBER = {12},
ARTICLE-NUMBER = {2067},
URL = {https://www.mdpi.com/2072-4292/10/12/2067},
ISSN = {2072-4292},
DOI = {10.3390/rs10122067}
}

@article{YUAN2020111716,
title = {Deep learning in environmental remote sensing: Achievements and challenges},
journal = {Remote Sensing of Environment},
volume = {241},
pages = {111716},
year = {2020},
issn = {0034-4257},
doi = {https://doi.org/10.1016/j.rse.2020.111716},
url = {https://www.sciencedirect.com/science/article/pii/S0034425720300857},
author = {Qiangqiang Yuan and Huanfeng Shen and Tongwen Li and Zhiwei Li and Shuwen Li and Yun Jiang and Hongzhang Xu and Weiwei Tan and Qianqian Yang and Jiwen Wang and Jianhao Gao and Liangpei Zhang},
}

@article{isprs-archives-XLII-3-79-2018,
AUTHOR = {Bramhe, V. S. and Ghosh, S. K. and Garg, P. K.},
TITLE = {EXTRACTION OF BUILT-UP AREAS USING CONVOLUTIONAL NEURAL NETWORKS AND TRANSFER LEARNING FROM SENTINEL-2 SATELLITE IMAGES},
JOURNAL = {The International Archives of the Photogrammetry, Remote Sensing and Spatial Information Sciences},
VOLUME = {XLII-3},
YEAR = {2018},
PAGES = {79--85},
URL = {https://www.int-arch-photogramm-remote-sens-spatial-inf-sci.net/XLII-3/79/2018/},
DOI = {10.5194/isprs-archives-XLII-3-79-2018}
}

@article{HUANG2021102399,
title = {Automatically quantifying evolution of retrogressive thaw slumps in Beiluhe (Tibetan Plateau) from multi-temporal CubeSat images},
journal = {International Journal of Applied Earth Observation and Geoinformation},
volume = {102},
pages = {102399},
year = {2021},
issn = {0303-2434},
doi = {https://doi.org/10.1016/j.jag.2021.102399},
url = {https://www.sciencedirect.com/science/article/pii/S0303243421001069},
author = {Lingcao Huang and Lin Liu and Jing Luo and Zhanju Lin and Fujun Niu},
keywords = {Change Detection, Deep Learning, Medial Axis Transform, Permafrost, Retrogressive Thaw Slumps}
}
@article{LANTUIT200884,
title = {Fifty years of coastal erosion and retrogressive thaw slump activity on Herschel Island, southern Beaufort Sea, Yukon Territory, Canada},
journal = {Geomorphology},
volume = {95},
number = {1},
pages = {84-102},
year = {2008},
note = {Paraglacial Geomorphology: Processes and Paraglacial Context},
issn = {0169-555X},
doi = {https://doi.org/10.1016/j.geomorph.2006.07.040},
url = {https://www.sciencedirect.com/science/article/pii/S0169555X07001705},
author = {H. Lantuit and W.H. Pollard},
}

@article{KOKELJ201556,
title = {Increased precipitation drives mega slump development and destabilization of ice-rich permafrost terrain, northwestern Canada},
journal = {Global and Planetary Change},
volume = {129},
pages = {56-68},
year = {2015},
issn = {0921-8181},
doi = {https://doi.org/10.1016/j.gloplacha.2015.02.008},
url = {https://www.sciencedirect.com/science/article/pii/S0921818115000545},
author = {S.V. Kokelj and J. Tunnicliffe and D. Lacelle and T.C. Lantz and K.S. Chin and R. Fraser},
}
@article{BELGIU201624,
title = {Random forest in remote sensing: A review of applications and future directions},
journal = {ISPRS Journal of Photogrammetry and Remote Sensing},
volume = {114},
pages = {24-31},
year = {2016},
issn = {0924-2716},
doi = {https://doi.org/10.1016/j.isprsjprs.2016.01.011},
url = {https://www.sciencedirect.com/science/article/pii/S0924271616000265},
author = {Mariana Belgiu and Lucian Drăguţ},
}

@article{MOUNTRAKIS2011247,
title = {Support vector machines in remote sensing: A review},
journal = {ISPRS Journal of Photogrammetry and Remote Sensing},
volume = {66},
number = {3},
pages = {247-259},
year = {2011},
issn = {0924-2716},
doi = {https://doi.org/10.1016/j.isprsjprs.2010.11.001},
url = {https://www.sciencedirect.com/science/article/pii/S0924271610001140},
author = {Giorgos Mountrakis and Jungho Im and Caesar Ogole},
}

@article{MA2019166,
title = {Deep learning in remote sensing applications: A meta-analysis and review},
journal = {ISPRS Journal of Photogrammetry and Remote Sensing},
volume = {152},
pages = {166-177},
year = {2019},
issn = {0924-2716},
doi = {https://doi.org/10.1016/j.isprsjprs.2019.04.015},
url = {https://www.sciencedirect.com/science/article/pii/S0924271619301108},
author = {Lei Ma and Yu Liu and Xueliang Zhang and Yuanxin Ye and Gaofei Yin and Brian Alan Johnson},
}
@article{NNpic,
author = {Yang, Jianhua and Hines, Evor and Guymer, Ian and Iliescu, Daciana and Leeson, Mark and King, Gregory and Li, XuQuin},
year = {2008},
month = {01},
pages = {358-374},
title = {A Genetic Algorithm-Artificial Neural Network Method for the Prediction of Longitudinal Dispersion Coefficient in Rivers},
isbn = {9781599049977},
journal = {Advancing Artificial Intelligence Through Biological Process Applications},
doi = {10.4018/978-1-59904-996-0.ch019}
}

@article{CHENG201611,
title = {A survey on object detection in optical remote sensing images},
journal = {ISPRS Journal of Photogrammetry and Remote Sensing},
volume = {117},
pages = {11-28},
year = {2016},
issn = {0924-2716},
doi = {https://doi.org/10.1016/j.isprsjprs.2016.03.014},
url = {https://www.sciencedirect.com/science/article/pii/S0924271616300144},
author = {Gong Cheng and Junwei Han},
}

@article{https://doi.org/10.1002/widm.1264,
author = {Li, Ying and Zhang, Haokui and Xue, Xizhe and Jiang, Yenan and Shen, Qiang},
title = {Deep learning for remote sensing image classification: A survey},
journal = {WIREs Data Mining and Knowledge Discovery     },
volume = {8},
number = {6},
pages = {e1264},
keywords = {convolutional neural network, deep belief network, deep learning, pixel-wise classification, remote sensing image, scene classification, stacked auto-encoder},
doi = {https://doi.org/10.1002/widm.1264},
url = {https://onlinelibrary.wiley.com/doi/abs/10.1002/widm.1264},
eprint = {https://onlinelibrary.wiley.com/doi/pdf/10.1002/widm.1264},
year = {2018}
}

@article{OLTHOF2015194,
title = {Landsat-based mapping of thermokarst lake dynamics on the Tuktoyaktuk Coastal Plain, Northwest Territories, Canada since 1985},
journal = {Remote Sensing of Environment},
volume = {168},
pages = {194-204},
year = {2015},
issn = {0034-4257},
doi = {https://doi.org/10.1016/j.rse.2015.07.001},
url = {https://www.sciencedirect.com/science/article/pii/S0034425715300584},
author = {Ian Olthof and Robert H. Fraser and Carla Schmitt},
}

@article{climatechange12,
title = {Climate change and the permafrost carbon feedback},
journal = {Nature},
volume = {520},
pages = {171–179},
year = {2015},
doi = {https://doi.org/10.1038/nature14338},
author = {chuur E. McGuire, A. Schädel, C. et al.},
}

@article{climatechangefur,
title = {Recent Arctic amplification and extreme mid-latitude weather},
journal = {Nature Geosci},
volume = {520},
pages = {627–637},
year = {2014},
doi = {https://doi.org/10.1038/ngeo2234},
author = {Cohen J., Screen J., Furtado J. et al.},
}

@article{climatechange34,
title = {Temperature variability implies greater economic damages from climate change},
journal = {Nat Commun},
volume = {11},
year = {2020},
doi = {https://doi.org/10.1038/s41467-020-18797-8},
author = {Calel R., Chapman S.C., Stainforth D.A. et al},
}
@incollection{monitoringperma,
    author = {Osterkamp, T.E. and Jorgenson, M.T.},
    isbn = {9780813760322},
    title = "{Permafrost conditions and processes}",
    booktitle = "{Geological Monitoring}",
    publisher = {Geological Society of America},
    year = {2009},
    month = {01},
    doi = {10.1130/2009.monitoring(09)},
    url = {https://doi.org/10.1130/2009.monitoring(09)},
}

@Article{rs13061217,
AUTHOR = {Philipp, Marius and Dietz, Andreas and Buchelt, Sebastian and Kuenzer, Claudia},
TITLE = {Trends in Satellite Earth Observation for Permafrost Related Analyses—A Review},
JOURNAL = {Remote Sensing},
VOLUME = {13},
YEAR = {2021},
NUMBER = {6},
ARTICLE-NUMBER = {1217},
URL = {https://www.mdpi.com/2072-4292/13/6/1217},
ISSN = {2072-4292},
DOI = {10.3390/rs13061217}
}


@misc{he2015delving,
      title={Delving Deep into Rectifiers: Surpassing Human-Level Performance on ImageNet Classification}, 
      author={Kaiming He and Xiangyu Zhang and Shaoqing Ren and Jian Sun},
      year={2015},
      eprint={1502.01852},
      archivePrefix={arXiv},
      primaryClass={cs.CV}
}

@ARTICLE{726791,
  author={Lecun, Y. and Bottou, L. and Bengio, Y. and Haffner, P.},
  journal={Proceedings of the IEEE}, 
  title={Gradient-based learning applied to document recognition}, 
  year={1998},
  volume={86},
  number={11},
  pages={2278-2324},
  doi={10.1109/5.726791}}
  

 
intro ref https://sentinels.copernicus.eu/web/sentinel/missions/sentinel-2/overview