@Manual{novathesis-manual,
	title       = {{The NOVAthesis \LaTeX\ Template User's Manual}},
	author      = {João M. Lourenço},
	organization={ NOVA University Lisbon},
	year        = {2021},
	url         = {https://github.com/joaomlourenco/novathesis/raw/master/template.pdf},
	keywords    = {novathesis-manual},
}


@InProceedings{9053228,
  author={Panchbhaiyye, Vineet and Ogunfunmi, Tokunbo},
  booktitle={ICASSP 2020 - 2020 IEEE International Conference on Acoustics, Speech and Signal Processing (ICASSP)}, 
  title={A Fifo Based Accelerator for Convolutional Neural Networks}, 
  year={2020},
  volume={},
  number={},
  pages={1758-1762},
  doi={10.1109/ICASSP40776.2020.9053228}}

@article{Lu_2020,
   title={Dying ReLU and Initialization: Theory and Numerical Examples},
   volume={28},
   ISSN={1991-7120},
   url={http://dx.doi.org/10.4208/cicp.OA-2020-0165},
   DOI={10.4208/cicp.oa-2020-0165},
   number={5},
   journal={Communications in Computational Physics},
   publisher={Global Science Press},
   author={Lu, Lu},
   year={2020},
   month={06},
   pages={1671–1706}
}
@misc{klambauer2017selfnormalizing,
      title={Self-Normalizing Neural Networks}, 
      author={Günter Klambauer and Thomas Unterthiner and Andreas Mayr and Sepp Hochreiter},
      year={2017},
      eprint={1706.02515},
      archivePrefix={arXiv},
      primaryClass={cs.LG}
}
@Article{thawpic,
author = {Rowland, J. C. and Jones, C. E. and Altmann, G. and Bryan, R. and Crosby, B. T. and Hinzman, L. D. and Kane, D. L. and Lawrence, D. M. and Mancino, A. and Marsh, P. and McNamara, J. P. and Romanvosky, V. E. and Toniolo, H. and Travis, B. J. and Trochim, E. and Wilson, C. J. and Geernaert, G. L.},
title = {Arctic Landscapes in Transition: Responses to Thawing Permafrost},
journal = {Eos, Transactions American Geophysical Union},
volume = {91},
number = {26},
pages = {229-230},
doi = {https://doi.org/10.1029/2010EO260001},
year = {2010}
}
@Misc{nadam,
  title={Incorporating Nesterov Momentum into Adam},
  author={Timothy Dozat},
  year={2016}
}

@InProceedings{pmlr-v139-malkomes21a,
  title = 	 {Beyond the Pareto Efficient Frontier: Constraint Active Search for Multiobjective Experimental Design},
  author =       {Malkomes, Gustavo and Cheng, Bolong and Lee, Eric H and Mccourt, Mike},
  booktitle = 	 {Proceedings of the 38th International Conference on Machine Learning},
  pages = 	 {7423-7434},
  year = 	 {2021},
  editor = 	 {Meila, Marina and Zhang, Tong},
  volume = 	 {139},
  series = 	 {Proceedings of Machine Learning Research},
  month = 	 {07},
  publisher =    {PMLR},
  pdf = 	 {http://proceedings.mlr.press/v139/malkomes21a/malkomes21a.pdf},
  url = 	 {https://proceedings.mlr.press/v139/malkomes21a.html},
}
@Misc{long2015fully,
      title={Fully Convolutional Networks for Semantic Segmentation}, 
      author={Jonathan Long and Evan Shelhamer and Trevor Darrell},
      year={2015},
      eprint={1411.4038},
      archivePrefix={arXiv},
      primaryClass={cs.CV}
}
@Misc{zeiler2013visualizing,
      title={Visualizing and Understanding Convolutional Networks}, 
      author={Matthew D Zeiler and Rob Fergus},
      year={2013},
      eprint={1311.2901},
      archivePrefix={arXiv},
      primaryClass={cs.CV}
}
@InProceedings{Chen_2018_ECCV,
author = {Chen, Liang-Chieh and Zhu, Yukun and Papandreou, George and Schroff, Florian and Adam, Hartwig},
title = {Encoder-Decoder with Atrous Separable Convolution for Semantic Image Segmentation},
booktitle = {Proceedings of the European Conference on Computer Vision (ECCV)},
month = {06},
year = {2018}
}
@InProceedings{7730322,
  author={Maggiori, Emmanuel and Tarabalka, Yuliya and Charpiat, Guillaume and Alliez, Pierre},
  booktitle={2016 IEEE International Geoscience and Remote Sensing Symposium (IGARSS)}, 
  title={Fully convolutional neural networks for remote sensing image classification}, 
  year={2016},
  volume={},
  number={},
  pages={5071-5074},
  doi={10.1109/IGARSS.2016.7730322}}
  
@InProceedings{8518295,
  author={Xu, Yonghao and Du, Bo and Zhang, Liangpei},
  booktitle={IGARSS 2018 - 2018 IEEE International Geoscience and Remote Sensing Symposium}, 
  title={Multi-Source Remote Sensing Data Classification via Fully Convolutional Networks and Post-Classification Processing}, 
  year={2018},
  volume={},
  number={},
  pages={3852-3855},
  doi={10.1109/IGARSS.2018.8518295}}
  
@Misc{kemker2018algorithms,
  title={Algorithms for Semantic Segmentation of Multispectral Remote Sensing Imagery using Deep Learning}, 
  author={Ronald Kemker and Carl Salvaggio and Christopher Kanan},
  year={2018},
  eprint={1703.06452},
  archivePrefix={arXiv},
  primaryClass={cs.CV}
}

@book{shanmugamani2018deep,
title={Deep Learning for Computer Vision: Expert techniques to train advanced neural networks using TensorFlow and Keras},
author={Shanmugamani, R.},
isbn={9781788293358},
url={https://books.google.co.uk/books?id=6tRJDwAAQBAJ},
year={2018},
publisher={Packt Publishing}
}


@InProceedings{7785132,
  author={Milletari, Fausto and Navab, Nassir and Ahmadi, Seyed-Ahmad},
  booktitle={2016 Fourth International Conference on 3D Vision (3DV)}, 
  title={V-Net: Fully Convolutional Neural Networks for Volumetric Medical Image Segmentation}, 
  year={2016},
  volume={},
  number={},
  pages={565-571},
  doi={10.1109/3DV.2016.79}}
  
@Article{LossOdyssey,
title = {Loss Odyssey in Medical Image Segmentation},
journal = {Medical Image Analysis},
volume = {71},
pages = {102035},
year = {2021},
author = {Jun Ma and Jianan Chen and Matthew Ng and Rui Huang and Yu Li and Chen Li and Xiaoping Yang and Anne L. Martel},
doi = {https://doi.org/10.1016/j.media.2021.102035},
url = {https://www.sciencedirect.com/science/Article/pii/S1361841521000815}
}

@Article{8954885,
  author={Shao, Zhenfeng and Zhou, Weixun and Deng, Xueqing and Zhang, Maoding and Cheng, Qimin},
  journal={IEEE Journal of Selected Topics in Applied Earth Observations and Remote Sensing}, 
  title={Multilabel Remote Sensing Image Retrieval Based on Fully Convolutional Network}, 
  year={2020},
  volume={13},
  number={},
  pages={318-328},
  doi={10.1109/JSTARS.2019.2961634}}
@Article{8281008,
  author={Sun, Weiwei and Wang, Ruisheng},
  journal={IEEE Geoscience and Remote Sensing Letters}, 
  title={Fully Convolutional Networks for Semantic Segmentation of Very High Resolution Remotely Sensed Images Combined With DSM}, 
  year={2018},
  volume={15},
  number={3},
  pages={474-478},
  doi={10.1109/LGRS.2018.2795531}}
  
@Misc{liu2015parsenet,
      title={ParseNet: Looking Wider to See Better}, 
      author={Wei Liu and Andrew Rabinovich and Alexander C. Berg},
      year={2015},
      eprint={1506.04579},
      archivePrefix={arXiv},
      primaryClass={cs.CV}
}
@Article{Zheng_2015,
   title={Conditional Random Fields as Recurrent Neural Networks},
   ISBN={9781467383912},
   url={http://dx.doi.org/10.1109/ICCV.2015.179},
   DOI={10.1109/iccv.2015.179},
   journal={2015 IEEE International Conference on Computer Vision (ICCV)},
   publisher={IEEE},
   author={Zheng, Shuai and Jayasumana, Sadeep and Romera-Paredes, Bernardino and Vineet, Vibhav and Su, Zhizhong and Du, Dalong and Huang, Chang and Torr, Philip H. S.},
   year={2015},
   month={12}
}
@Misc{ronneberger2015unet,
      title={U-Net: Convolutional Networks for Biomedical Image Segmentation}, 
      author={Olaf Ronneberger and Philipp Fischer and Thomas Brox},
      year={2015},
      eprint={1505.04597},
      archivePrefix={arXiv},
      primaryClass={cs.CV}
}


@Article{rs11151774,
AUTHOR = {Yi, Yaning and Zhang, Zhijie and Zhang, Wanchang and Zhang, Chuanrong and Li, Weidong and Zhao, Tian},
TITLE = {Semantic Segmentation of Urban Buildings from VHR Remote Sensing Imagery Using a Deep Convolutional Neural Network},
JOURNAL = {Remote Sensing},
VOLUME = {11},
YEAR = {2019},
NUMBER = {15},
Article-NUMBER = {1774},
URL = {https://www.mdpi.com/2072-4292/11/15/1774},
ISSN = {2072-4292},
DOI = {10.3390/rs11151774}
}

@Article{sym12061056,
AUTHOR = {Guo, Yanan and Cao, Xiaoqun and Liu, Bainian and Gao, Mei},
TITLE = {Cloud Detection for Satellite Imagery Using Attention-Based U-Net Convolutional Neural Network},
JOURNAL = {Symmetry},
VOLUME = {12},
YEAR = {2020},
NUMBER = {6},
Article-NUMBER = {1056},
URL = {https://www.mdpi.com/2073-8994/12/6/1056},
ISSN = {2073-8994},
DOI = {10.3390/sym12061056}
}

@Article{IG203936,
  author={J.L. {Holgado Alvarez}, M. {Ravanbakhsh} and B. {Demіr}},
  journal={IGARSS 2020 - 2020 IEEE International Geoscience and Remote Sensing Symposium}, 
  title={S^2-cGAN: Self-Supervised Adversarial Representation Learning for Binary Change Detection in Multispectral Images}, 
  year={2020},
  eprint={2007.02565},
  archivePrefix={arXiv},
  primaryClass={eess.IV}
}


@Misc{yu2016multiscale,
      title={Multi-Scale Context Aggregation by Dilated Convolutions}, 
      author={Fisher Yu and Vladlen Koltun},
      year={2016},
      eprint={1511.07122},
      archivePrefix={arXiv},
      primaryClass={cs.CV}
}

@InProceedings{Jegou_2017_CVPR_Workshops,
author = {Jegou, Simon and Drozdzal, Michal and Vazquez, David and Romero, Adriana and Bengio, Yoshua},
title = {The One Hundred Layers Tiramisu: Fully Convolutional DenseNets for Semantic Segmentation},
booktitle = {Proceedings of the IEEE Conference on Computer Vision and Pattern Recognition (CVPR) Workshops},
month = {08},
year = {2017}
}

@Misc{chen2017deeplab,
      title={DeepLab: Semantic Image Segmentation with Deep Convolutional Nets, Atrous Convolution, and Fully Connected CRFs}, 
      author={Liang-Chieh Chen and George Papandreou and Iasonas Kokkinos and Kevin Murphy and Alan L. Yuille},
      year={2017},
      eprint={1606.00915},
      archivePrefix={arXiv},
      primaryClass={cs.CV}
}

@Misc{zhao2017pyramid,
      title={Pyramid Scene Parsing Network}, 
      author={Hengshuang Zhao and Jianping Shi and Xiaojuan Qi and Xiaogang Wang and Jiaya Jia},
      year={2017},
      eprint={1612.01105},
      archivePrefix={arXiv},
      primaryClass={cs.CV}
}

@InProceedings{8929465,
  author={Mishra, Purnendu and Sarawadekar, Kishor},
  booktitle={TENCON 2019 - 2019 IEEE Region 10 Conference (TENCON)}, 
  title={Polynomial Learning Rate Policy with Warm Restart for Deep Neural Network}, 
  year={2019},
  volume={},
  number={},
  pages={2087-2092},
  doi={10.1109/TENCON.2019.8929465}}
  
@InProceedings{7410535,
  author={Noh, Hyeonwoo and Hong, Seunghoon and Han, Bohyung},
  booktitle={2015 IEEE International Conference on Computer Vision (ICCV)}, 
  title={Learning Deconvolution Network for Semantic Segmentation}, 
  year={2015},
  volume={},
  number={},
  pages={1520-1528},
  doi={10.1109/ICCV.2015.178}}

@Misc{dumoulin2018guide,
      title={A guide to convolution arithmetic for deep learning}, 
      author={Vincent Dumoulin and Francesco Visin},
      year={2018},
      eprint={1603.07285},
      archivePrefix={arXiv},
      primaryClass={stat.ML}
}
@InProceedings{He_2015_ICCV,
author = {He, Kaiming and Zhang, Xiangyu and Ren, Shaoqing and Sun, Jian},
title = {Delving Deep into Rectifiers: Surpassing Human-Level Performance on ImageNet Classification},
booktitle = {Proceedings of the IEEE International Conference on Computer Vision (ICCV)},
month = {12},
year = {2015}
}

@Article{8516352,
  author={Benedetti, Paola and Ienco, Dino and Gaetano, Raffaele and Ose, Kenji and Pensa, Ruggero G. and Dupuy, Stephane},
  journal={IEEE Journal of Selected Topics in Applied Earth Observations and Remote Sensing}, 
  title={$M^3$\text{Fusion}: A Deep Learning Architecture for Multiscale Multimodal Multitemporal Satellite Data Fusion}, 
  year={2018},
  volume={11},
  number={12},
  pages={4939-4949},
  doi={10.1109/JSTARS.2018.2876357}
  }
  
@Article{Zhong2017SatCNNSI,
  title={SatCNN: satellite image dataset classification using agile convolutional neural networks},
  author={Y. Zhong and Feng Fei and Yanfei Liu and Bei Zhao and Hongzan Jiao and L. Zhang},
  journal={Remote Sensing Letters},
  year={2017},
  volume={8},
  pages={136 - 145}
}

@Article{BELENGUERPLOMER2021112468,
title = {CNN-based burned area mapping using radar and optical data},
journal = {Remote Sensing of Environment},
volume = {260},
pages = {112468},
year = {2021},
issn = {0034-4257},
doi = {https://doi.org/10.1016/j.rse.2021.112468},
url = {https://www.sciencedirect.com/science/Article/pii/S0034425721001863},
author = {Miguel A. Belenguer-Plomer and Mihai A. Tanase and Emilio Chuvieco and Francesca Bovolo},
}


@InProceedings{hyperparameter_fig,
author = {Stock, Simon and Armengol Urpi, Alex and Kovacs, Balint and Maier, Heiko and Gerdes, Marius and Stork, Wilhelm and Sarma, Sanjay},
year = {2020},
month = {04},
pages = {8},
booktitle={Neurophotonics},
title = {A system approach for closed-loop assessment of neuro-visual function based on convolutional neural network analysis of EEG signals},
doi = {10.1117/12.2554417}
}

@Misc{keskar2017largebatch,
      title={On Large-Batch Training for Deep Learning: Generalization Gap and Sharp Minima}, 
      author={Nitish Shirish Keskar and Dheevatsa Mudigere and Jorge Nocedal and Mikhail Smelyanskiy and Ping Tak Peter Tang},
      year={2017},
      eprint={1609.04836},
      archivePrefix={arXiv},
      primaryClass={cs.LG}
}

@Misc{deeplearning_ai,
      title={Parameter optimization in neural networks}, 
      author={Katanforoosh, Kunin et al.},
      year={2019},
      url={\url{deeplearning.ai}},
}

@Article{JMLR:v15:srivastava14a,
  author  = {Nitish Srivastava and Geoffrey Hinton and Alex Krizhevsky and Ilya Sutskever and Ruslan Salakhutdinov},
  title   = {Dropout: A Simple Way to Prevent Neural Networks from Overfitting},
  journal = {Journal of Machine Learning Research},
  year    = {2014},
  volume  = {15},
  number  = {56},
  pages   = {1929-1958},
  url     = {http://jmlr.org/papers/v15/srivastava14a.html}
}

@incollection{Rahman_2016,
	doi = {10.1007/978-3-319-50835-1_22},
	url = {https://doi.org/10.1007%2F978-3-319-50835-1_22},
	year = 2016,
	publisher = {Springer International Publishing},
	pages = {234-244},
	author = {Md Atiqur Rahman and Yang Wang},
	title = {Optimizing Intersection-Over-Union in Deep Neural Networks for Image Segmentation},
	booktitle = {Advances in Visual Computing}
}

@InProceedings{pmlrv9glorot10a,
  title = 	 {Understanding the difficulty of training deep feedforward neural networks},
  author = 	 {Glorot, Xavier and Bengio, Yoshua},
  booktitle = 	 {Proceedings of the Thirteenth International Conference on Artificial Intelligence and Statistics},
  pages = 	 {249-256},
  year = 	 {2010},
  editor = 	 {Teh, Yee Whye and Titterington, Mike},
  volume = 	 {9},
  series = 	 {Proceedings of Machine Learning Research},
  address = 	 {Chia Laguna Resort, Sardinia, Italy},
  month = 	 {05},
  publisher =    {PMLR},
  pdf = 	 {http://proceedings.mlr.press/v9/glorot10a/glorot10a.pdf},
  url = 	 {url{http://proceedings.mlr.press/v9/glorot10a.html}},
}


@Misc{sentinel2,
author={The European Space Agency},
 title={The European Space Agency Website},
 howpublished ={\url{https://sentinel.esa.int/web/sentinel/user-guides/sentinel-2-msi/}}
}

@Misc{sentinel2_gcp,
author={Google Cloud},
 title={Sentinel-2 Data Public Dataset Documentation},
 howpublished ={\url{https://cloud.google.com/storage/docs/public-datasets/sentinel-2}}
}

@Misc{kingma2017adam,
      title={Adam: A Method for Stochastic Optimization}, 
      author={Diederik P. Kingma and Jimmy Ba},
      year={2017},
      eprint={1412.6980},
      archivePrefix={arXiv},
      primaryClass={cs.LG}
}

@Misc{DBLP:journals/corr/IglovikovMO17,
  author    = {Vladimir Iglovikov,
               Sergey Mushinskiy,
               Vladimir Osin},
  title     = {Satellite Imagery Feature Detection using Deep Convolutional Neural
               Network: A Kaggle Competition},  
  volume    = {abs/1706.06169},
  year      = {2017},  
  archivePrefix = {arXiv},
  eprint    = {1706.06169},     
}

@Misc{ruder2017overview,
      title={An overview of gradient descent optimization algorithms}, 
      author={Sebastian Ruder},
      year={2017},
      eprint={1609.04747},
      archivePrefix={arXiv},
      primaryClass={cs.LG}
}

@incollection{MURTON2021857,
title = {Periglacial Processes and Deposits},
editor = {David Alderton and Scott A. Elias},
booktitle = {Encyclopedia of Geology (Second Edition)},
publisher = {Academic Press},
edition = {Second},
address = {Oxford},
pages = {857-875},
year = {2021},
isbn = {978-0-08-102909-1},
doi = {https://doi.org/10.1016/B978-0-12-409548-9.11925-6},
url = {https://www.sciencedirect.com/science/Article/pii/B9780124095489119256},
author = {Julian Murton},
}

@incollection{monitoringperma,
    author = {Osterkamp, T.E. and Jorgenson, M.T.},
    isbn = {9780813760322},
    title = "{Permafrost conditions and processes}",
    booktitle = "{Geological Monitoring}",
    publisher = {Geological Society of America},
    year = {2009},
    month = {01},
    url = {https://doi.org/10.1130/2009.monitoring(09)},
}

@Article{articleperma,
author = {Osterkamp, Tom and Jorgenson, M},
year = {2005},
month = {09},
pages = {2100-2111},
title = {Response of boreal ecosystems to varying modes of permafrost degradation in Alaska},
volume = {35},
journal = {Canadian Journal of Forest Research},
doi = {10.1139/x05-153}
}

@Article{HUANG2020111534,
title = {Using deep learning to map retrogressive thaw slumps in the Beiluhe region (Tibetan Plateau) from CubeSat images},
journal = {Remote Sensing of Environment},
volume = {237},
pages = {111534},
year = {2020},
issn = {0034-4257},
doi = {https://doi.org/10.1016/j.rse.2019.111534},
url = {https://www.sciencedirect.com/science/Article/pii/S003442571930553X},
author = {Lingcao Huang and Jing Luo and Zhanju Lin and Fujun Niu and Lin Liu},
}

@Misc{alvarez2020s2cgan,
      title={S2-cGAN: Self-Supervised Adversarial Representation Learning for Binary Change Detection in Multispectral Images}, 
      author={Jose Luis Holgado Alvarez and Mahdyar Ravanbakhsh and Begüm Demir},
      year={2020},
      eprint={2007.02565},
      archivePrefix={arXiv},
      primaryClass={eess.IV}
}

@Article{articleing2018,
author = {Nitze, Ingmar and Grosse, Guido and Jones, Benjamin and Romanovsky, Vladimir and Boike, Julia},
year = {2018},
month = {12},
pages = {},
title = {Remote sensing quantifies widespread abundance of permafrost region disturbances across the Arctic and Subarctic},
volume = {9},
journal = {Nature Communications},
doi = {10.1038/s41467-018-07663-3}
}

@Article{sultana2020106062,
title = {Evolution of Image Segmentation using Deep Convolutional Neural Network: A Survey},
journal = {Knowledge-Based Systems},
volume = {201-202},
pages = {106062},
year = {2020},
issn = {0950-7051},
doi = {https://doi.org/10.1016/j.knosys.2020.106062},
url = {https://www.sciencedirect.com/science/Article/pii/S0950705120303464},
author = {Farhana Sultana and Abu Sufian and Paramartha Dutta},
}
@Book{GoodBengCour16,
  Title                    = {Deep Learning},
  Author                   = {Ian J. Goodfellow and Yoshua Bengio and Aaron Courville},
  Publisher                = {MIT Press},
  Year                     = {2016},
  Address                  = {Cambridge, MA, USA},
  Note                     = {\url{http://www.deeplearningbook.org}}
}

@Article{articlecarbonfeedback,
author = {Schaefer, Kevin and Lantuit, Hugues and Romanovsky, Vladimir and Schuur, Edward and Witt, Ronald},
year = {2014},
month = {08},
pages = {085003},
title = {The impact of the permafrost carbon feedback on global climate},
volume = {9},
journal = {Environmental Research Letters},
doi = {10.1088/1748-9326/9/8/085003}
}
@InCollection{tahnfunc,
title = {Chapter 9 - Deep Neural Networks for Natural Language Processing},
editor = {Venkat N. Gudivada and C.R. Rao},
series = {Handbook of Statistics},
publisher = {Elsevier},
volume = {38},
pages = {229-316},
year = {2018},
booktitle = {Computational Analysis and Understanding of Natural Languages: Principles, Methods and Applications},
issn = {0169-7161},
doi = {https://doi.org/10.1016/bs.host.2018.07.006},
url = {https://www.sciencedirect.com/science/Article/pii/S016971611830021X},
author = {Ehsan Fathi and Babak {Maleki Shoja}},
}

@InProceedings{10.5555/2999134.2999257,
author = {Krizhevsky, Alex and Sutskever, Ilya and Hinton, Geoffrey E.},
title = {ImageNet Classification with Deep Convolutional Neural Networks},
year = {2012},
publisher = {Curran Associates Inc.},
booktitle = {Proceedings of the 25th International Conference on Neural Information Processing Systems - Volume 1},
pages = {1097–1105},
numpages = {9},
location = {Lake Tahoe, Nevada},
series = {NIPS'12}
}
@Misc{simonyan2014deep,
      title={Very Deep Convolutional Networks for Large-Scale Image Recognition}, 
      author={Karen Simonyan and Andrew Zisserman},
      year={2014},
      eprint={1409.1556},
      archivePrefix={arXiv},
      primaryClass={cs.CV}
}
@Misc{he2015deep,
      title={Deep Residual Learning for Image Recognition}, 
      author={Kaiming He and Xiangyu Zhang and Shaoqing Ren and Jian Sun},
      year={2015},
      eprint={1512.03385},
      archivePrefix={arXiv},
      primaryClass={cs.CV}
}

@Article{10.6109/JICCE.2018.16.3.173,
  author    = {PhungVan Hiep and RheeEun Joo},
  title     = {A Deep Learning Approach for Classification of Cloud Image Patches on Small Datasets},
  journal   = {Journal of Information and Communication Convergence Engineering},
  publisher = {한국정보통신학회},
  volume    = {16},
  number    = {3},
  pages     = {173-178},
  year      = 2018,
  month     = {09},
  doi={https://doi.org/10.6109/JICCE.2018.16.3.173}
}
@incollection{2dcnnpic,
	doi = {10.1007/978-981-15-5093-5_25},
	url = {https://doi.org/10.1007\%2F978-981-15-5093-5_25},
	year = {2020},
	month = {08},
	publisher = {Springer Singapore},
	pages = {269-279},
	author = {Jacopo Ferretti and Vincenzo Randazzo and Giansalvo Cirrincione and Eros Pasero},
	title = {1-D Convolutional Neural Network for {ECG} Arrhythmia Classification},
	booktitle = {Progresses in Artificial Intelligence and Neural Systems}
}

@Misc{ioffe2015batch,
      title={Batch Normalization: Accelerating Deep Network Training by Reducing Internal Covariate Shift}, 
      author={Sergey Ioffe and Christian Szegedy},
      year={2015},
      eprint={1502.03167},
      archivePrefix={arXiv},
      primaryClass={cs.LG}
}
@InProceedings{8099726,
  author={Huang, Gao and Liu, Zhuang and Van Der Maaten, Laurens and Weinberger, Kilian Q.},
  booktitle={2017 IEEE Conference on Computer Vision and Pattern Recognition (CVPR)}, 
  title={Densely Connected Convolutional Networks}, 
  year={2017},
  volume={},
  number={},
  pages={2261-2269},
  doi={10.1109/CVPR.2017.243}}
@Misc{lin2014network,
      title={Network In Network}, 
      author={Min Lin and Qiang Chen and Shuicheng Yan},
      year={2014},
      eprint={1312.4400},
      archivePrefix={arXiv},
      primaryClass={cs.NE}
}
@InProceedings{7298594,
  author={Szegedy, Christian and Wei Liu and Yangqing Jia and Sermanet, Pierre and Reed, Scott and Anguelov, Dragomir and Erhan, Dumitru and Vanhoucke, Vincent and Rabinovich, Andrew},
  booktitle={2015 IEEE Conference on Computer Vision and Pattern Recognition (CVPR)}, 
  title={Going deeper with convolutions}, 
  year={2015},
  volume={},
  number={},
  pages={1-9},
  doi={10.1109/CVPR.2015.7298594}}
@Misc{softmaxpic,
author = {Nabiyev, Nabi and Malekzadeh, Saber},
year = {2021},
month = {02},
pages = {},
title = {Anomalous Sound Localization Estimation},
doi = {10.13140/RG.2.2.25949.95201}
}

@PhdThesis{leakyreluimg,
author = {Shenoy, Aditi},
year = {2019},
month = {07},
pages = {},
school={Stockholm University},
title = {Feature optimization of contact map predictions based on inter-residue distances and U-Net++ architecture},
doi = {10.13140/RG.2.2.16796.23688}
}

@InProceedings{Maas13rectifiernonlinearities,
    author = {Andrew L. Maas and Awni Y. Hannun and Andrew Y. Ng},
    title = {Rectifier nonlinearities improve neural network acoustic models},
    booktitle = {in ICML Workshop on Deep Learning for Audio, Speech and Language Processing},
    year = {2013}
}


@Article{HUANG10122067,
AUTHOR = {Huang, Lingcao and Liu, Lin and Jiang, Liming and Zhang, Tingjun},
TITLE = {Automatic Mapping of Thermokarst Landforms from Remote Sensing Images Using Deep Learning: A Case Study in the Northeastern Tibetan Plateau},
JOURNAL = {Remote Sensing},
VOLUME = {10},
YEAR = {2018},
NUMBER = {12},
Article-NUMBER = {2067},
URL = {https://www.mdpi.com/2072-4292/10/12/2067},
ISSN = {2072-4292},
DOI = {10.3390/rs10122067}
}

@Article{YUAN2020111716,
title = {Deep learning in environmental remote sensing: Achievements and challenges},
journal = {Remote Sensing of Environment},
volume = {241},
pages = {111716},
year = {2020},
issn = {0034-4257},
doi = {https://doi.org/10.1016/j.rse.2020.111716},
url = {https://www.sciencedirect.com/science/Article/pii/S0034425720300857},
author = {Qiangqiang Yuan and Huanfeng Shen and Tongwen Li and Zhiwei Li and Shuwen Li and Yun Jiang and Hongzhang Xu and Weiwei Tan and Qianqian Yang and Jiwen Wang and Jianhao Gao and Liangpei Zhang},
}

@Article{isprs-archives-XLII-3-79-2018,
AUTHOR = {Bramhe, V. S. and Ghosh, S. K. and Garg, P. K.},
TITLE = {EXTRACTION OF BUILT-UP AREAS USING CONVOLUTIONAL NEURAL NETWORKS AND TRANSFER LEARNING FROM SENTINEL-2 SATELLITE IMAGES},
JOURNAL = {The International Archives of the Photogrammetry, Remote Sensing and Spatial Information Sciences},
VOLUME = {XLII-3},
YEAR = {2018},
PAGES = {79-85},
URL = {https://www.int-arch-photogramm-remote-sens-spatial-inf-sci.net/XLII-3/79/2018/},
DOI = {10.5194/isprs-archives-XLII-3-79-2018}
}

@Article{HUANG2021102399,
title = {Automatically quantifying evolution of retrogressive thaw slumps in Beiluhe (Tibetan Plateau) from multi-temporal CubeSat images},
journal = {International Journal of Applied Earth Observation and Geoinformation},
volume = {102},
pages = {102399},
year = {2021},
issn = {0303-2434},
doi = {https://doi.org/10.1016/j.jag.2021.102399},
url = {https://www.sciencedirect.com/science/Article/pii/S0303243421001069},
author = {Lingcao Huang and Lin Liu and Jing Luo and Zhanju Lin and Fujun Niu},
keywords = {Change Detection, Deep Learning, Medial Axis Transform, Permafrost, Retrogressive Thaw Slumps}
}
@Article{LANTUIT200884,
title = {Fifty years of coastal erosion and retrogressive thaw slump activity on Herschel Island, southern Beaufort Sea, Yukon Territory, Canada},
journal = {Geomorphology},
volume = {95},
number = {1},
pages = {84-102},
year = {2008},
note = {Paraglacial Geomorphology: Processes and Paraglacial Context},
issn = {0169-555X},
doi = {https://doi.org/10.1016/j.geomorph.2006.07.040},
url = {https://www.sciencedirect.com/science/Article/pii/S0169555X07001705},
author = {H. Lantuit and W.H. Pollard},
}

@Book{everdingen_multi-language_1998,
	address = {Calgary},
	title = {Multi-language glossary of permafrost and related ground-ice terms in chinese, english, french, german ...},
	language = {English},
	publisher = {Arctic Inst. of North America University of Calgary},
	author = {Everdingen, Robert O. van. and {International Permafrost Association (USA)}},
	year = {1998},
}


@Article{KOKELJ201556,
title = {Increased precipitation drives mega slump development and destabilization of ice-rich permafrost terrain, northwestern Canada},
journal = {Global and Planetary Change},
volume = {129},
pages = {56-68},
year = {2015},
issn = {0921-8181},
doi = {https://doi.org/10.1016/j.gloplacha.2015.02.008},
url = {https://www.sciencedirect.com/science/Article/pii/S0921818115000545},
author = {S.V. Kokelj and J. Tunnicliffe and D. Lacelle and T.C. Lantz and K.S. Chin and R. Fraser},
}
@Article{BELGIU201624,
title = {Random forest in remote sensing: A review of applications and future directions},
journal = {ISPRS Journal of Photogrammetry and Remote Sensing},
volume = {114},
pages = {24-31},
year = {2016},
issn = {0924-2716},
doi = {https://doi.org/10.1016/j.isprsjprs.2016.01.011},
url = {https://www.sciencedirect.com/science/Article/pii/S0924271616000265},
author = {Mariana Belgiu and Lucian Drăguţ},
}

@Article{MOUNTRAKIS2011247,
title = {Support vector machines in remote sensing: A review},
journal = {ISPRS Journal of Photogrammetry and Remote Sensing},
volume = {66},
number = {3},
pages = {247-259},
year = {2011},
issn = {0924-2716},
doi = {https://doi.org/10.1016/j.isprsjprs.2010.11.001},
url = {https://www.sciencedirect.com/science/Article/pii/S0924271610001140},
author = {Giorgos Mountrakis and Jungho Im and Caesar Ogole},
}

@Article{MA2019166,
title = {Deep learning in remote sensing applications: A meta-analysis and review},
journal = {ISPRS Journal of Photogrammetry and Remote Sensing},
volume = {152},
pages = {166-177},
year = {2019},
issn = {0924-2716},
doi = {https://doi.org/10.1016/j.isprsjprs.2019.04.015},
url = {https://www.sciencedirect.com/science/Article/pii/S0924271619301108},
author = {Lei Ma and Yu Liu and Xueliang Zhang and Yuanxin Ye and Gaofei Yin and Brian Alan Johnson},
}
@Article{NNpic,
author = {Yang, Jianhua and Hines, Evor and Guymer, Ian and Iliescu, Daciana and Leeson, Mark and King, Gregory and Li, XuQuin},
year = {2008},
month = {01},
pages = {358-374},
title = {A Genetic Algorithm-Artificial Neural Network Method for the Prediction of Longitudinal Dispersion Coefficient in Rivers},
isbn = {9781599049977},
journal = {Advancing Artificial Intelligence Through Biological Process Applications},
doi = {10.4018/978-1-59904-996-0.ch019}
}

@Article{CHENG201611,
title = {A survey on object detection in optical remote sensing images},
journal = {ISPRS Journal of Photogrammetry and Remote Sensing},
volume = {117},
pages = {11-28},
year = {2016},
issn = {0924-2716},
doi = {https://doi.org/10.1016/j.isprsjprs.2016.03.014},
url = {https://www.sciencedirect.com/science/Article/pii/S0924271616300144},
author = {Gong Cheng and Junwei Han},
}

@Article{https://doi.org/10.1002/widm.1264,
author = {Li, Ying and Zhang, Haokui and Xue, Xizhe and Jiang, Yenan and Shen, Qiang},
title = {Deep learning for remote sensing image classification: A survey},
journal = {WIREs Data Mining and Knowledge Discovery     },
volume = {8},
number = {6},
pages = {e1264},
keywords = {convolutional neural network, deep belief network, deep learning, pixel-wise classification, remote sensing image, scene classification, stacked auto-encoder},
doi = {https://doi.org/10.1002/widm.1264},
url = {https://onlinelibrary.wiley.com/doi/abs/10.1002/widm.1264},
eprint = {https://onlinelibrary.wiley.com/doi/pdf/10.1002/widm.1264},
year = {2018}
}

@Article{OLTHOF2015194,
title = {Landsat-based mapping of thermokarst lake dynamics on the Tuktoyaktuk Coastal Plain, Northwest Territories, Canada since 1985},
journal = {Remote Sensing of Environment},
volume = {168},
pages = {194-204},
year = {2015},
issn = {0034-4257},
doi = {https://doi.org/10.1016/j.rse.2015.07.001},
url = {https://www.sciencedirect.com/science/Article/pii/S0034425715300584},
author = {Ian Olthof and Robert H. Fraser and Carla Schmitt},
}


@article{climatechange12,
	title = {Climate change and the permafrost carbon feedback},
	volume = {520},
	issn = {1476-4687},
	url = {https://doi.org/10.1038/nature14338},
	doi = {10.1038/nature14338},
  number = {7546},
	journal = {Nature},
	author = {Schuur, E. A. G. and McGuire, A. D. and Schädel, C. and Grosse, G. and Harden, J. W. and Hayes, D. J. and Hugelius, G. and Koven, C. D. and Kuhry, P. and Lawrence, D. M. and Natali, S. M. and Olefeldt, D. and Romanovsky, V. E. and Schaefer, K. and Turetsky, M. R. and Treat, C. C. and Vonk, J. E.},
	month = {04},
	year = {2015},
	pages = {171-179},
}

@Article{climatechangefur,
title = {Recent Arctic amplification and extreme mid-latitude weather},
journal = {Nature Geosci},
volume = {520},
pages = {627–637},
year = {2014},
doi = {https://doi.org/10.1038/ngeo2234},
author = {Cohen J., Screen J., Furtado J. and et al.},
}

@Article{climatechange34,
title = {Temperature variability implies greater economic damages from climate change},
journal = {Nat Commun},
volume = {11},
year = {2020},
doi = {https://doi.org/10.1038/s41467-020-18797-8},
author = {Calel R., Chapman S.C., Stainforth D.A. and et al},
}

@Article{rs13061217,
AUTHOR = {Philipp, Marius and Dietz, Andreas and Buchelt, Sebastian and Kuenzer, Claudia},
TITLE = {Trends in Satellite Earth Observation for Permafrost Related Analyses—A Review},
JOURNAL = {Remote Sensing},
VOLUME = {13},
YEAR = {2021},
NUMBER = {6},
Article-NUMBER = {1217},
URL = {https://www.mdpi.com/2072-4292/13/6/1217},
ISSN = {2072-4292},
DOI = {10.3390/rs13061217}
}
@Article{lewkowicz_extremes_2019,
	title = {Extremes of summer climate trigger thousands of thermokarst landslides in a High Arctic environment},
	volume = {10},
	issn = {2041-1723},
	url = {https://doi.org/10.1038/s41467-019-09314-7},
	doi = {10.1038/s41467-019-09314-7},
	number = {1},
	journal = {Nature Communications},
	author = {Lewkowicz, Antoni G. and Way, Robert G.},
	month = 04,
	year = {2019},
	pages = {1329},
}


@Article{726791,
  author={Lecun, Y. and Bottou, L. and Bengio, Y. and Haffner, P.},
  journal={Proceedings of the IEEE}, 
  title={Gradient-based learning applied to document recognition}, 
  year={1998},
  volume={86},
  number={11},
  pages={2278-2324},
  doi={10.1109/5.726791}}
  